@book{Angrist2008,
  title = {Mostly {{Harmless Econometrics}}: {{An Empiricist}}'s {{Companion}}},
  author = {Angrist, Joshua D. and Pischke, J{\"o}rn-Steffen},
  year = {2008},
  eprinttype = {jstor},
  publisher = {Princeton University Press},
  isbn = {978-0-691-12034-8}
}

@article{JiangTing2022,
  title = {{因果推断经验研究中的中介效应与调节效应}},
  author = {{江艇}},
  year = {2022},
  journal = {中国工业经济},
  number = {5},
  pages = {100--120}
}

@techreport{Liu2022a,
  type = {{{SSRN Working Paper}}},
  title = {Regulating {{Private Tutoring}}: {{Family Responses}} to the {{Double-Reduction Policy}} in {{China}}},
  author = {Liu, Yinan and Wang, Ruobi and Chen, ZhanMing},
  year = {2022},
  number = {4143464},
  institution = {Social Science Research Network}
}

@article{ZhangChuanChuan2022,
  title = {{教育减负、家庭教育投入与教育不平等}},
  author = {{张川川} and {王玥琴}},
  year = {2022},
  journal = {管理世界},
  volume = {38},
  number = {9},
  pages = {83--97}
}

@article{ZhouZiKun2023,
  title = {{教育减负、家庭教育支出与教育公平}},
  author = {{周子焜} and {雷晓燕} and {沈艳}},
  year = {2023},
  journal = {经济学(季刊)},
  volume = {23},
  number = {3},
  pages = {841--859}
}
